1839 3101
290 182 1240 244 VEGETATIO.
1427 202 1497 260 59

48 316 224 380 jiciunt.
293 315 407 362 Non
431 314 578 361 minor
598 312 665 359 vis
690 311 822 360 estin
844 312 1029 374 pulvere
1060 311 1237 359 seminis
1265 313 1493 364 masculini

49 383 342 443 plantarum;
385 380 432 426 in
466 378 734 426 Staminibus
771 378 1088 439 Apetalarum‚
1122 393 1218 440 quae
1243 393 1393 426 auram
1415 397 1491 442 ge-

48 446 229 492 nitalem
262 460 367 491 cum
398 444 571 506 impetu
604 441 848 505 projiciunt
870 479 883 500 ‚
928 443 974 489 in
1004 441 1188 490 fioribus
1216 440 1267 489 δε
1297 447 1490 504 ovarhs,

48 525 147 572 quae
172 509 364 572 pulveris
389 509 536 570 specie
568 508 613 555 in
639 508 762 554 Ruta
789 508 1009 565 muraria,
1046 507 1296 571 Polypodio
1310 542 1326 567 ,
1359 509 1492 573 Equi-

49 575 144 621 seto
161 611 174 632 ,
197 573 247 621 ἅ
277 574 484 620 omnibus
518 572 664 620 herbis
692 571 967 635 capillaribus
998 586 1265 635 comparent
1288 610 1301 632 ‚
1334 574 1384 622 ὃ(
1413 592 1494 637 per

48 639 398 701 microscopium
430 638 522 685 visa
547 638 704 684 elastro
737 637 925 699 fimplici
952 637 1023 685 vel
1053 639 1304 700 composito
1334 639 1493 687 instru-

49 703 120 751 cta
144 704 477 765 conspiciuntur
494 738 509 759 ‚
544 703 662 764 quod
686 702 731 748 in
759 701 871 748 statu
891 701 1155 749 maturitatis
1182 704 1253 750 vel
1275 705 1490 752 acceden-

49 780 95 815 te
118 769 262 813 calore
291 767 510 828 repagulis
547 768 778 812 liberatum
803 782 966 828 magna
991 768 1038 814 vi
1064 783 1121 814 ex
1151 768 1294 815 ovarii
1315 770 1492 832 capsula

46 831 332 878 minutiffima
371 830 536 877 semina
567 830 761 891 projicit.
830 831 942 876 Eam
977 832 1112 882 etiam
1150 832 1237 879 huc
1270 835 1492 882 adducere

48 896 151 943 licet
185 895 513 943 sensibilitatem
545 895 599 941 ad
627 895 873 941 siccitatem
900 897 973 942 vel
998 897 1308 945 humiditatem
1330 900 1376 946 in
1407 901 1490 947 ari-

45 961 119 1009 stis
141 960 404 1008 locustarum
419 996 431 1017 ‚
468 959 512 1005 in
539 959 684 1005 herbis
706 959 945 1006 culmiferis
967 960 1017 1007 Sc
1041 961 1278 1008 seminibus
1294 964 1490 1012 rostratis

48 1025 230 1074 Geranii
283 1025 308 1072 a
363 1024 582 1071 nonnullis
630 1024 909 1070 observatam
935 1059 949 1081 ‚
996 1024 1045 1071 &c
1081 1026 1134 1071 ad
1178 1027 1493 1089 Hygrometra
1561 1047 1564 1051 ’

44 1106 130 1153 pro
159 1090 397 1137 indicando
423 1089 592 1136 siccatis
613 1087 662 1136 ὅ(
684 1088 957 1136 humiditatis
982 1089 1122 1151 gradu
1148 1093 1390 1140 commode
1415 1096 1489 1140 acl-

44 1155 243 1202 hibitam.
282 1154 388 1218 (a.)
423 1154 510 1201 Sed
545 1167 639 1201 tota
674 1154 772 1200 lizec
803 1153 1055 1201 senlibilitas
1087 1155 1255 1216 pendet
1287 1173 1344 1203 ex
1379 1158 1486 1206 stru-

45 1219 169 1269 &ura
205 1220 455 1282 plantarum
482 1219 774 1275 mechanica,
811 1234 908 1281 quae
942 1220 1018 1265 has
1038 1221 1306 1268 mutationes
1334 1223 1388 1269 ad
1414 1242 1490 1286 ap-

45 1284 217 1348 pulsum
238 1283 436 1340 humidi,
473 1282 602 1341 sicci,
637 1283 794 1339 calidi,
829 1282 1041 1346 &frigidi
1064 1284 1487 1346 edit2qucmaclmo-

45 1349 153 1396 dum
186 1348 302 1395 funis
333 1362 565 1395 contortus
598 1362 785 1410 propter
821 1348 1055 1395 humidum
1090 1349 1327 1397 attracium
1361 1353 1490 1403 aucta

47 1414 265 1460 diametro
296 1411 499 1460 craffitiei
528 1413 853 1475 longitudinem
881 1413 1001 1459 suam
1036 1413 1225 1471 minuit,
1259 1431 1357 1462 eam
1380 1434 1487 1467 vero

46 1491 181 1539 auget
199 1514 210 1534 ‚
247 1478 422 1540 quando
447 1478 566 1523 calor
587 1493 779 1539 corpora
803 1478 1069 1524 rarefaciens
1095 1479 1328 1526 humidum
1353 1498 1409 1529 ex
1431 1502 1487 1532 eo

47 1543 282 1603 dissipavit.
350 1544 655 1611 Quamobrem
681 1543 849 1589 eaedem
878 1543 1146 1589 mutationes
1174 1545 1420 1594 observata?
1442 1550 1488 1598 in

45 1607 205 1670 plantis
239 1607 400 1654 nullam
436 1607 692 1654 sensationis
729 1607 1178 1668 specieinexhibent
1204 1647 1216 1667 ‚
1265 1612 1400 1672 qualis
1441 1615 1489 1662 in

46 1671 302 1720 animalibus
333 1688 416 1735 per
451 1672 717 1719 concursum
742 1672 902 1719 animae
928 1672 1218 1736 percipientis
1237 1690 1485 1727 exercetur.

606 1846 739 1920 maest
813 1845 916 1901 IV.

106 2013 209 2060 Vita
235 2014 389 2074 plantae
421 2011 486 2060 est
514 2011 785 2073 conspiratio
819 2012 1047 2061 actionum
1069 2052 1081 2072 ,
1127 2032 1233 2079 quas
1260 2018 1408 2078 planta
1438 2020 1488 2068 vi

46 2077 132 2125 suae
164 2078 342 2125 fabricae
366 2090 549 2124 exercet
571 2076 811 2123 secundum
831 2079 1003 2141 regulas
1023 2092 1186 2127 motus,
1256 2084 1381 2130 Vita)
1406 2084 1486 2131 liu-

42 2143 114 2206 jus
139 2141 185 2189 in
216 2143 376 2204 plantis
399 2142 562 2204 duplex
589 2140 704 2188 attio
726 2142 1009 2202 observatum
1043 2161 1129 2192 una
1152 2161 1249 2208 quae
1283 2148 1336 2194 ad
1362 2150 1488 2211 plan-

48 2221 106 2278 ta:
130 2206 455 2254 incrementum
472 2241 490 2264 ,
522 2206 657 2253 altera
681 2222 779 2270 quae
799 2208 854 2255 ad
875 2208 969 2271 ejus
990 2211 1365 2273 propagationem
1388 2230 1486 2276 per-

48 2283 173 2318 tinet.
212 2312 231 2333 s

112 2335 249 2382 Actio
274 2336 380 2383 vitae
405 2337 654 2399 plantarum
671 2371 688 2394 ‚
721 2352 821 2400 quae
855 2336 1183 2386 incrementum
1208 2358 1361 2390 earum
1391 2344 1488 2407 spe-

50 2399 142 2447 &at
174 2401 426 2461 Vegemtz'O,
472 2403 607 2448 altera
638 2417 749 2448 vero
790 2418 888 2465 quae
916 2405 1294 2470 propagationem
1324 2409 1490 2473 planta,³

48 2464 156 2513 facit
184 2464 458 2528 Fruffificatio
480 2467 746 2514 nominatur.

1376 2537 1490 2603 Thqfi

100 2659 166 2712 (a)
201 2658 351 2700 Miscell.
380 2660 495 2700 Berol.
523 2662 671 2701 Contin.
699 2663 751 2700 11.
778 2674 813 2712 p.
841 2669 902 2709 67.
