1839 3101
279 154 1521 233 FRUCTIFICAT10.83

88 286 367 334 commissam
388 302 440 333 ac
460 286 680 333 firmatam
696 319 713 344 ,
737 285 882 332 donec
901 285 1253 348 comprehendat
1275 288 1324 334 δε
1337 288 1517 335 crescat.

88 352 320 399 Inusitatus
339 350 555 398 hactenus
582 350 770 397 restabat
792 351 976 408 modus,
1004 364 1051 396 ut
1076 350 1259 396 Gfflmffi
1294 368 1410 399 num
1444 357 1521 407 SE·

86 431 406 472 MIMRENTUR,
442 415 815 478 quemadmodum
848 416 1132 462 Bulbosarum
1164 415 1361 464 radices:
1399 417 1517 464 hunc

84 481 202 527 felici
232 479 428 528 successu
470 481 631 542 adjecit
675 479 820 526 Celeb.
855 479 975 527 Prof.
1008 478 1243 528 Patavinus
1289 482 1348 528 D.
1382 482 1513 543 JUL.

143 611 227 657 Per
254 610 368 656 Folia
398 543 578 655 tandeigi
609 546 873 672 )propagare
909 609 1080 671 plantas
1122 624 1225 659 ante
1262 625 1404 672 pauca
1437 609 1511 656 ad·

79 672 169 720 huc
197 673 351 721 Lustra
369 673 564 720 inaudita
589 674 719 734 plane
752 690 821 719 res
846 686 964 730 erat,
999 690 1083 721 nec
1105 689 1252 723 tamen
1280 676 1394 732 hanc
1417 689 1509 720 mc-

78 737 266 786 thodum
299 737 520 784 Naturam
544 738 738 783 abnuere
755 737 825 783 vel
845 753 1008 798 negare
1032 740 1318 787 eruditissimo
1344 738 1510 800 scripto

75 799 397 848 demonstravit
419 800 480 846 Cl.
506 800 941 847 THUMMIGIUS
978 802 1106 865 (g),
1140 805 1186 852 in
1217 820 1305 867 quo
1327 816 1414 850 tres
1436 819 1508 850 ca-

75 865 144 914 sus
170 878 378 928 tanquam
403 864 592 911 totidem
617 864 815 912 diversos
846 865 1005 912 modos
1029 868 1270 915 educanda}
1303 884 1360 915 ex
1391 868 1507 914 foliis

74 931 239 978 arboris
276 928 391 991 apud
435 929 490 974 G.
532 928 674 975 Andr.
711 928 972 991 Agricolam
1020 947 1078 977 ex
1109 946 1235 993 parte
1270 946 1506 979 annotatos

69 993 275 1041 describit
296 1028 312 1051 ,
346 1009 403 1039 ex
427 992 808 1039 observationibus
829 992 885 1038 de
914 994 1037 1040 malis
1062 996 1238 1042 Citrinis
1255 1033 1267 1053 ‚
1302 1013 1406 1058 quas
1427 1013 1504 1044 ex-

68 1059 321 1120 perimento
354 1058 414 1103 D.
438 1056 707 1103 Mirandolae
738 1056 834 1102 Itali
856 1055 1010 1104 duRus
1042 1058 1105 1104 Ill.
1133 1061 1294 1108 Comes
1317 1060 1343 1106 ἐι
1369 1061 1503 1108 VVra-

67 1122 195 1169 tissau
227 1122 405 1169 educari
436 1121 621 1168 curavit.
667 1120 832 1166 Primus
855 1119 971 1182 castis
1002 1121 1092 1180 est,
1124 1139 1212 1186 quo
1242 1124 1372 1170 arbor
1397 1125 1502 1171 edu-

66 1201 191 1234 catur
216 1203 272 1234 ex
292 1202 472 1249 gemma
507 1185 615 1231 folio
640 1184 819 1248 jun&a‚
857 1185 931 1231 ubi
963 1183 1111 1247 potius
1142 1204 1198 1234 ex
1220 1204 1400 1250 gemma
1419 1204 1496 1235 ex-

64 1252 257 1309 crescit,
302 1250 411 1297 folio
458 1250 652 1310 primum
696 1249 1018 1295 nutrimentum
1060 1250 1287 1314 largiente.
1353 1254 1405 1299 In
1427 1251 1498 1314 se-

64 1317 188 1362 cundo
236 1313 328 1378 casta
368 1314 524 1360 folium
569 1313 908 1360 transformatur
950 1314 995 1360 in
1033 1316 1237 1362 arborem
1258 1351 1273 1373 ,
1326 1316 1496 1378 petiolo

63 1396 145 1442 per
168 1381 386 1443 integram
412 1379 505 1425 folii
526 1377 849 1441 longitudinem
875 1378 1059 1426 extenso
1081 1379 1126 1426 in
1152 1381 1404 1437 caudicem,
1430 1398 1497 1428 ra-

61 1446 145 1491 mis
178 1460 257 1506 per
294 1444 388 1490 folii
424 1443 700 1490 latitudinem
726 1443 885 1489 emiffis
919 1443 964 1488 in
998 1459 1143 1490 ramos
1177 1445 1388 1491 arbusculi
1422 1448 1496 1492 ab·

60 1510 293 1566 euntibus,
328 1508 506 1556 surculis
540 1508 613 1570 qui
638 1523 694 1553 ex
720 1507 851 1553 ramis
884 1506 1157 1554 descendunt
1200 1509 1495 1557 exarescenti-

59 1576 162 1632 bus,
187 1573 235 1621 ὅτ.
253 1573 299 1619 in
326 1589 481 1620 eorum
505 1588 606 1618 cum
631 1571 762 1617 ramis
779 1571 984 1618 confinio
1007 1573 1197 1634 gemmis
1220 1573 1504 1621 succedenti-'

57 1640 149 1686 bus.
222 1638 383 1690 Tertius
415 1639 579 1696 denique
611 1635 725 1697 casus
756 1637 808 1682 ab
844 1649 1030 1699 utroque
1056 1637 1196 1698 priori
1219 1638 1394 1699 prorsus
1425 1639 1493 1686 est

54 1702 266 1750 diversus.
336 1704 387 1749 In
423 1718 478 1749 eo
508 1700 674 1747 scilicet
702 1699 859 1746 folium
890 1700 1045 1747 infima
1078 1700 1141 1747 sui
1175 1715 1302 1763 parte
1331 1703 1490 1752 callum

52 1768 289 1830 producit,
325 1783 382 1814 ex
412 1782 501 1829 quo
536 1764 704 1811 radices
730 1764 1043 1825 propullulant.
1112 1767 1342 1828 Integrum
1364 1768 1486 1816 dein-

52 1834 109 1881 de
143 1833 298 1880 folium
333 1831 548 1879 exarescit
580 1828 629 1876 δε
666 1830 934 1887 absumitur,
986 1845 1043 1876 ex
1078 1829 1293 1891 superiori
1333 1846 1486 1881 autem

51 1899 148 1944 calli
190 1909 315 1959 parte
357 1896 550 1943 surculus
592 1894 912 1956 progerminat.
990 1893 1234 1941 Rationem
1280 1897 1482 1946 rarissimi
1519 1910 1523 1913 ’

50 1961 358 2024 Experimenti
402 1959 558 2022 quaerit
598 1958 644 2004 in
676 1958 904 2014 Medulla,
935 1973 1066 2020 quam
1099 1959 1390 2008 Gemmarum
1429 1961 1481 2009 &

49 2027 236 2074 Seminis
280 2025 502 2072 officinam
546 2023 718 2079 statuit,
767 2023 930 2083 partim
971 2022 1351 2071 observationibus
1384 2026 1478 2072 Mi-

49 2090 316 2153 croscopicis
351 2105 407 2136 eo
442 2087 654 2134 deductus
686 2120 701 2143 ,
746 2086 908 2147 partim
947 2087 1065 2148 quod
1105 2088 1387 2136 manifestum
1420 2090 1475 2137 fit

47 2172 324 2218 gemmarum
357 2153 525 2200 radices
551 2150 764 2198 Medullae
796 2149 882 2197 effe
916 2150 1089 2198 infixas.

113 2222 181 2266 Ex
202 2220 355 2282 quibus
369 2219 571 2264 omnibus
592 2215 770 2261 tandem
787 2215 901 2261 clare
919 2215 1165 2277 colligitur,
1182 2216 1349 2278 plantas
1365 2233 1467 2279 pro-

47 2286 238 2349 pagandi
258 2283 480 2329 affionem
503 2282 744 2328 naturalem
769 2279 946 2326 unicam
964 2314 978 2336 ,
1011 2281 1198 2342 reliquos
1230 2297 1341 2328 vero
1373 2299 1469 2328 mo·

46 2351 127 2398 dos
150 2348 396 2397 artificiales
416 2346 527 2405 effe,
563 2358 637 2392 aut
661 2344 691 2391 fi
712 2345 764 2391 ab
785 2343 877 2406 ipsa
901 2343 1051 2406 planta
1072 2359 1466 2404 exerceatur‚tum

1376 2427 1470 2461 non

91 2544 148 2596 (f)
178 2544 380 2595 Compend.
407 2540 537 2579 Tabul.
568 2545 692 2580 Botau.
721 2542 976 2595 Parav317118.
1003 2551 1042 2585 4.
1067 2551 1102 2589 p.
1131 2540 1203 2577 IX.

90 2599 153 2646 (g)
180 2595 358 2635 Meletem.
387 2606 461 2636 vat.
488 2597 523 2630 &
545 2606 614 2632 rat.
643 2595 867 2643 Argumenn.
893 2587 988 2638 Lips.
1018 2602 1126 2636 1727·
1152 2603 1188 2640 p.
1219 2594 1354 2628 12-66.

968 2653 1059 2717 μ
