1839 3101
332 170 1223 230 EPIGRIsEos:
1430 189 1493 246 23

57 302 399 350 determinandis
423 302 621 350 sufficere
643 299 787 363 poffit.
822 298 1054 363 Sapienter
1080 298 1350 348 asseruerunt
1394 304 1483 350 Bo·

57 367 194 414 tanici
220 383 277 414 ex
297 367 474 429 singulis
497 365 853 414 fruffificationis
884 365 1079 428 partibus
1114 380 1207 411 non
1242 364 1336 411 sine
1366 368 1480 414 utili-

57 444 148 479 tate
167 432 401 495 systemata
422 433 556 480 condi
573 465 589 489 ,
618 446 722 477 cum
746 430 899 477 saltem
922 429 1026 493 quid
1049 428 1103 477 ad
1125 430 1322 476 naturale
1344 430 1481 493 syste-

58 513 152 551 ma&
171 497 339 560 quaevis
359 513 459 558 pars
486 498 629 544 valeat
643 530 660 553 ,
686 512 741 542 eo
755 494 890 542 modo
904 494 1108 557 patefieri
1130 495 1324 556 poterit3
1349 495 1480 542 scho-

58 562 111 606 lae
139 576 289 609 autem
316 562 435 624 quod
458 561 671 608 dofkrinae
695 560 964 622 aptiffimum
989 559 1122 606 fuerit
1148 560 1341 622 eligant,
1373 560 1482 607 dum

58 627 242 674 naturali
267 642 482 673 caremus.
517 628 567 673 In
598 625 802 672 omnibus
837 623 1074 687 disciplinis
1106 624 1357 672 facillimam
1383 641 1484 688 quae

59 690 245 738 inventa
261 691 394 737 fuerit
417 690 680 736 methodum
703 688 946 751 sequimur3
981 689 1100 736 idem
1128 704 1205 736 cur
1226 688 1272 735 in
1306 690 1485 737 Botani-

59 756 121 800 cis
149 771 238 801 non
265 754 445 800 licebit?
482 754 776 799 luci-ementis
798 754 1078 801 scientiarum
1108 770 1218 801 vero
1239 755 1369 801 novis
1396 755 1486 803 sola

58 818 254 865 resistere
275 819 386 864 solet
406 817 658 863 Do&01·u1n
682 818 883 878 superbia
903 817 953 864 ἃ
987 819 1191 882 ignavia3
1233 834 1336 865 cum
1362 820 1505 866 enim¹

58 882 136 928 sibi
172 882 268 929 satis
304 882 456 942 sapere
496 883 757 938 videantur,
801 882 1096 946 provefflque
1128 882 1178 930 ἅ
1210 884 1305 930 otio
1348 884 1486 932 dediti

56 947 253 993 recentia
274 946 522 1007 perdiscere
557 947 629 993 vel
663 947 805 991 nolint
841 947 914 992 vel
947 959 1196 1009 nequeant,
1244 947 1295 994 ὃς
1333 961 1486 996 tamen

56 1011 278 1058 dociiores
312 1010 359 1056 se·
377 1011 610 1072 discipulos
633 1010 949 1067 reformident,
985 1027 1102 1057 neve
1125 1012 1194 1056 vel
1217 1012 1484 1060 au6toritate

57 1076 129 1121 vei
152 1077 271 1123 lucro
295 1077 534 1132 excidant,
569 1075 721 1121 omnia
743 1075 832 1121 fine
856 1075 1106 1121 discrimine
1126 1091 1248 1121 nova
1284 1076 1483 1137 suspecta

56 1141 269 1199 reddere,
303 1141 507 1186 cavillare
526 1175 540 1197 ‚
567 1142 763 1203 relegare
791 1140 1004 1186 nituntur.
1032 1140 1371 1187 Consideremus
1390 1142 1487 1189 reli-

56 1221 160 1267 quas
187 1205 424 1252 methodos
447 1205 677 1252 Botanicas
698 1204 746 1250 δέ
770 1204 1017 1251 videbimus
1041 1221 1113 1251 eas
1134 1206 1374 1252 maximam
1389 1223 1488 1268 par·-

57 1282 149 1326 tem
163 1271 288 1331 vagis
303 1304 317 1326 ,
355 1270 527 1315 lubricis
545 1307 556 1326 ,
592 1269 812 1316 fallacibus
834 1269 1107 1331 quarundam
1126 1269 1483 1318 fructificationis

58 1335 250 1394 partium
273 1334 640 1395 descriptionibus
672 1332 1008 1394 superstructa&
1050 1333 1278 1394 saepissime
1310 1351 1488 1398 quoque

58 1398 177 1460 leges
198 1398 397 1444 methodi
420 1399 660 1459 propolitae
688 1398 960 1460 transgredi,-
996 1399 1118 1459 cujus
1146 1410 1294 1444 tamen
1316 1401 1486 1462 culpm,

59 1462 91 1508 si
116 1478 204 1509 non
234 1463 409 1524 penitus
441 1463 640 1508 immune
663 1462 795 1509 fucrit
819 1463 994 1512 sextiale
1007 1498 1022 1520 ,
1046 1463 1194 1508 mitius
1218 1476 1367 1510 tamen
1384 1480 1489 1526 pec-

60 1543 160 1573 care
195 1527 565 1589 deprehendetur.
601 1528 660 1573 Et
693 1527 872 1573 tandem
904 1542 980 1573 cur
1027 1528 1139 1573 vitio
1174 1527 1290 1574 verti
1327 1529 1508 1576 debeat

59 1592 245 1638 Limnaeo
275 1627 291 1649 ,
339 1592 458 1654 quod
490 1593 524 1638 is
569 1591 681 1637 solus
724 1591 845 1637 simul
897 1591 993 1649 usus
1045 1591 1238 1652 partium
1285 1593 1490 1641 docuerit

58 1655 334 1702 fundamenti
364 1658 464 1702 loco
511 1656 557 1702 in
604 1656 839 1718 systemate
888 1655 1127 1702 condendo
1175 1656 1456 1705 ass'umtarum
1472 1693 1488 1715 ,

58 1721 263 1783 equidem
287 1737 379 1767 non
401 1721 559 1777 vide03
594 1737 649 1766 eo
674 1721 768 1782 ipso
790 1719 911 1766 enim
942 1736 1034 1766 non
1061 1732 1235 1768 tantum
1269 1721 1490 1785 discipulis

58 1785 131 1832 sed
157 1786 290 1833 etiam
313 1786 669 1832 observatoribus
691 1785 936 1841 consuluit,
968 1786 1088 1847 quod
1123 1785 1291 1832 facilius
1324 1787 1373 1834 (Sc
1408 1787 1491 1835 dis-

59 1863 183 1896 catur
198 1885 214 1908 ,
246 1850 319 1897 ubi
345 1851 519 1897 ratione
540 1850 605 1896 uti
623 1866 675 1896 ac
700 1850 941 1896 veritatum
965 1850 1083 1911 quasi
1107 1865 1247 1897 nexus
1269 1851 1491 1913 inspicere

58 1915 264 1971 licuerit,
300 1914 348 1961 ἃ
375 1915 421 1961 in
457 1915 652 1961 uberiori
691 1914 857 1961 lumine
889 1914 1222 1962 observationes
1258 1915 1487 1965 instituan-

59 1992 142 2026 tur.
176 1981 263 2027 Sed
299 1980 517 2042 sigillatim
542 1979 836 2026 examinanda
860 1978 959 2024 sunt
982 1996 1080 2041 quae
1102 1980 1310 2041 Epicrisis
1336 1982 1382 2028 in
1419 1984 1487 2044 sy-

58 2043 243 2092 stemate
265 2045 511 2091 Linnaeano
532 2045 695 2106 culpat.

121 2108 160 2172 §.
195 2111 251 2156 Π.
287 2111 484 2157 Primum
507 2108 572 2154 est
587 2145 599 2166 ‚
633 2107 751 2171 quod
775 2124 832 2154 ex
853 2107 963 2155 fleto
985 2109 1302 2171 vegetabilium
1336 2113 1486 2160 matri-

58 2174 212 2221 monio
234 2175 452 2222 mirabiles
473 2172 610 2235 [zhsbrzi
647 2170 700 2225 ἐξ
721 2183 877 2219 naturae
906 2177 1100 2219 contrarii
1130 2174 1354 2235 sequantur
1382 2179 1485 2224 ordi-

58 2253 129 2284 nes
145 2238 204 2292 ,ἐξ
226 2239 391 2299 claffis,·
425 2240 579 2302 quibus
601 2238 794 2294 scilicet,
827 2237 1093 2285 statueretur
1108 2255 1295 2285 omnem
1322 2240 1368 2286 in
1390 2257 1485 2306 reg-

57 2320 118 2350 no
145 2305 379 2367 vegetabili
401 2304 566 2351 licitam
587 2303 674 2349 ess'e
698 2303 1000 2365 polygamiam
1018 2340 1030 2360 ,
1060 2303 1152 2349 imo
1179 2303 1228 2350 ἅ
1257 2303 1489 2353 scortatio-

58 2384 191 2426 nem3
225 2384 327 2414 cum
351 2369 473 2430 plura
500 2381 736 2414 occurrant
767 2367 953 2415 stamina
992 2367 1066 2414 ubi
1098 2367 1279 2414 unicum
1314 2381 1490 2420 tantum

58 2433 179 2479 adest
204 2431 436 2494 pistillum3
471 2449 575 2479 cum
603 2433 648 2480 in
677 2432 963 2495 syngenesia,
997 2444 1159 2493 praeter
1194 2432 1484 2496 hermaphro-

56 2499 172 2544 ditos
196 2496 432 2556 flosculos,
470 2510 706 2544 occurrant
737 2496 960 2554 foeminei,
996 2497 1069 2559 qui
1081 2497 1216 2544 etiam
1242 2497 1385 2561 saepe,
1420 2500 1485 2549 fa-

16 2557 19 2565 i
54 2563 151 2610 rina
169 2562 351 2625 genitali
384 2562 850 2624 hermaphroditorum
880 2560 1132 2623 conspersi,
1170 2562 1363 2610 foecundi
1390 2567 1487 2613 red-

55 2628 245 2689 duntur,
277 2627 519 2676 secundum
556 2628 874 2690 Siegesbeckizzm
910 2642 1019 2690 ergo
1057 2627 1152 2690 quis
1188 2628 1342 2676 credet
1378 2630 1486 2676 tales

996 2695 1020 2739 b
1054 2700 1086 2752 '4
1379 2710 1489 2743 con·
