1839 3101
331 159 1221 220 EPICRISEOS.
1433 168 1503 232 27

68 312 159 359 ope
178 295 350 358 optime
371 292 531 342 evitari
551 291 990 355 posse,summoque
1019 288 1084 336 rei
1115 286 1341 335 Botanicae
1371 291 1501 339 bono»

69 360 276 423 prodiiffe
299 359 590 415 methodum,
622 372 753 419 quam
778 354 974 402 infaustis
996 367 1124 401 antea
1156 352 1358 415 auspiciis
1388 357 1495 404 totis

69 426 235 473 viribus
268 423 565 486 impugnavit.

137 490 176 553 §.
210 491 296 537 IV.
332 489 490 535 Tertia
513 485 714 534 methodi
736 484 919 533 sexualis
942 483 1070 546 culpa
1090 485 1136 532 in
1166 501 1222 532 eo
1256 484 1498 533 consistere

69 556 260 611 dicitur,
292 553 410 616 quod
440 567 590 614 genera
622 549 889 612 discrepantia
926 552 1172 611 conjungat,
1221 551 1323 596 unde
1361 554 1498 596 mclxi-

68 637 177 666 mam
205 617 258 671 ἐξ
282 634 477 664 enormem
501 620 542 662 in
569 613 815 677 dispositione
839 613 892 667 Εὖ)
914 617 1136 675 cognitione
1148 614 1497 678 plantarmnflue-

67 702 110 731 re
131 682 395 744 confusionem
418 682 479 727 Cl.
514 680 812 740 Siegesheckius
831 679 1054 742 opinatur.
1089 680 1407 742 Responsionis
1430 681 1495 728 lo·

68 764 125 795 co
147 759 358 795 notentur
374 746 526 796 vobiter
549 744 788 806 sequentia.

137 828 176 858 1.
212 813 395 857 Genera
416 809 709 869 discrepantia
735 808 778 852 in
821 807 1056 869 systemate
1087 809 1248 857 sexuali
1283 809 1500 874 conjungi

67 876 140 923 seu
157 910 173 932 ‚
208 874 325 936 quod
347 873 467 919 idem
489 871 554 917 est
570 909 582 929 ‚
618 872 766 918 clall'es
787 872 847 918 ibi
871 888 963 919 non
985 873 1070 920 else
1106 874 1346 932 naturales,
1378 872 1499 922 haud

67 941 260 1001 primum
303 937 475 986 detexit
515 937 579 982 Cl.
622 937 950 996 Slegeshetkios,
998 939 1071 984 led
1104 939 1296 984 rotundo
1334 956 1412 985 ore
1443 941 1500 986 ab

65 1005 193 1051 initio
216 1002 342 1049 fassus
365 1002 430 1048 est
451 1001 544 1063 ipse
570 1001 787 1057 Linncezts,
823 1001 941 1063 quod
974 1001 1139 1049 scilicet
1172 1002 1233 1048 ita
1272 1003 1388 1050 ferat
1422 1020 1500 1050 na-

66 1080 164 1115 tura
196 1067 399 1114 methodi
433 1066 698 1122 artificiali53
745 1065 907 1111 eodem
939 1065 1073 1128 igitur
1115 1066 1299 1113 nomine
1340 1083 1498 1116 omnes

65 1133 267 1180 methodi
292 1132 389 1178 sunt
410 1131 690 1187 accusandae3
715 1146 768 1176 ea
788 1143 938 1176 tamen
951 1146 1054 1177 cum
1070 1130 1325 1178 differentia
1340 1166 1354 1189 ,
1377 1131 1500 1194 quod

64 1198 328 1260 reliquarum
353 1196 572 1242 Auctores
597 1194 689 1241 suas
715 1195 974 1256 plerumque
1002 1212 1085 1257 pro
1121 1196 1387 1243 naturalibus
1410 1206 1498 1245 tra-

66 1262 280 1319 diderint,
309 1263 502 1307 Linnaens
526 1276 635 1306 vero
662 1259 855 1320 ingenue
877 1260 997 1306 hunc
1017 1260 1238 1306 honorem
1263 1261 1349 1307 suae
1373 1277 1498 1309 corn-

66 1339 221 1388 petere
242 1325 503 1388 negaverit,
534 1323 795 1386 fragmentis
819 1323 1024 1370 naturalis
1047 1324 1249 1371 methodi
1282 1325 1364 1372 alia
1394 1342 1500 1387 pro-

67 1390 199 1437 missis
221 1389 482 1445 occasione3
517 1404 647 1450 quam
668 1388 803 1434 fidem
828 1388 874 1434 in
901 1388 1096 1450 Cloffihns
1114 1391 1350 1449 plantarum
1375 1391 1500 1438 dein-

66 1455 122 1501 de
142 1455 321 1518 egregie
346 1454 572 1510 liberavit3
605 1452 749 1514 ipsum
775 1465 923 1499 tamen
947 1453 1076 1516 hujus
1106 1454 1308 1500 methodi
1333 1456 1498 1518 myste-

64 1520 177 1566 rium
204 1519 252 1566 <St
279 1519 569 1581 cynosuram,
603 1517 746 1563 adhuc
783 1517 1006 1564 Botanicis
1047 1518 1276 1579 ignotam,
1310 1519 1402 1568 sera
1430 1538 1500 1570 re,

63 1584 228 1630 velabit
249 1584 365 1639 dies3
400 1585 574 1629 Interea
613 1583 828 1643 temporis
856 1583 1153 1629 artificialibus
1184 1584 1400 1631 utendum
1435 1588 1501 1634 se-

62 1648 186 1695 lectis
210 1686 222 1705 ‚
255 1664 353 1710 quae
380 1648 620 1693 maximam
647 1661 862 1708 generare
887 1648 1112 1708 quiverint
1137 1648 1465 1698 certitudinem.

121 1728 165 1760 2.
201 1711 509 1759 Nihilominus
534 1710 749 1773 systema,
781 1711 900 1774 quod
923 1712 1143 1774 loquimur
1163 1750 1176 1770 ,
1213 1712 1385 1761 sexuale
1399 1729 1496 1776 tot,

60 1776 91 1824 fi
127 1792 220 1823 non
242 1778 389 1839 plures
401 1811 418 1834 ,
452 1777 586 1823 habet
612 1774 761 1822 clafles
782 1777 1001 1823 naturales
1035 1788 1145 1840 quot
1177 1778 1259 1824 ulla
1287 1779 1369 1826 alia
1401 1798 1495 1828 me-

60 1841 246 1898 thodus,
291 1855 339 1888 ut
357 1857 413 1888 ex
435 1840 681 1891 Generibus
705 1840 882 1887 Linnaei
908 1842 1082 1888 abunde
1102 1854 1227 1902 patet
1249 1859 1261 1899 3
1297 1843 1389 1891 imo
1420 1848 1496 1893 vel

56 1907 196 1968 ipsam
224 1906 467 1968 Rojanam,
511 1921 608 1969 quae
647 1917 798 1952 tamen
839 1906 933 1952 solo
985 1906 1178 1953 claffium
1227 1910 1492 1958 naturalium

57 1988 246 2019 numero
273 1971 586 2019 auctoritatem
607 1969 686 2017 fibi
711 1970 996 2030 conciliavit,
1030 1971 1120 2018 hoc
1151 1972 1198 2018 in
1222 1973 1394 2035 puncto
1426 1975 1494 2023 su-

57 2050 198 2100 perat.

124 2117 167 2161 3.
201 2101 260 2147 Et
289 2101 396 2147 licet
428 2099 537 2146 nihil
577 2100 690 2147 ultra
721 2099 985 2164 praestitiffet
1043 2100 1233 2163 systema
1278 2102 1452 2153 sexuale
1474 2144 1489 2165 ‚

57 2181 188 2228 quam
210 2178 258 2211 ut
280 2165 376 2227 pari
400 2163 575 2226 reliquis
614 2164 736 2227 paffu
768 2165 1038 2222 ambularet,
1073 2166 1224 2228 magni
1258 2179 1408 2216 tamen
1443 2171 1490 2219 in

57 2230 142 2276 hac
163 2229 345 2277 scientia
378 2229 442 2276 est
462 2229 733 2277 diversarum
756 2230 952 2292 partium
987 2229 1345 2280 fructificationis
1370 2235 1488 2298 sym-

57 2295 161 2343 bolo
186 2294 241 2341 de
265 2294 529 2341 certi-tudine
554 2295 781 2342 convinci.

117 2375 161 2417 4.
198 2359 309 2406 Non
336 2358 600 2406 sufficientes
620 2359 669 2407 ὃς
689 2359 913 2423 perfectos
938 2358 1133 2421 agnosco
1171 2375 1365 2409 canones
1381 2398 1397 2421 ‚
1431 2365 1487 2413 ad

55 2422 382 2485 dijudicandam
417 2439 633 2486 generum
667 2424 1061 2481 convenientiam,
1097 2425 1150 2470 ab
1188 2426 1486 2478 artificialibus

53 2487 407 2538 distinctionibus
428 2490 545 2537 inter
570 2489 792 2552 perfeetas
826 2489 876 2538 &
906 2487 1220 2553 imperfectas,
1263 2494 1486 2557 regulares

1437 2559 1489 2610 δε

45 2669 48 2675 ,
94 2627 132 2680 ⁸*
162 2631 251 2680 Pag.
285 2638 345 2675 50·
