1839 3101
275 159 1462 235 VEGETAT10.75

44 297 264 345 sculorum
296 291 554 340 continuata
582 289 881 336 maceratione
917 288 962 335 in
995 288 1084 335 duo
1118 286 1324 336 distinaeta
1354 290 1466 338 retia

45 359 334 408 dividendum
364 357 477 414 esse,
511 355 652 418 qualia
681 371 782 401 cum
818 353 1008 401 cuticula
1040 352 1253 414 superiori
1283 352 1333 400 ἃ
1355 355 1466 401 inse-

46 426 154 473 riori
175 425 201 471 ἐι
224 423 268 470 se
293 423 490 470 invicem
518 421 715 481 leparata
733 420 779 466 in
800 419 915 466 foliis
939 418 1042 481 Pyri
1062 418 1113 465 &
1132 418 1247 466 Mali
1264 417 1470 466 distin6te

49 490 259 537 exhibere
305 486 493 550 possum.
560 486 679 532 Rete
719 484 900 531 inferius
941 482 1073 530 ramis
1116 483 1289 532 constat
1332 482 1471 531 laxius

49 552 299 601 intertextis
335 551 384 599 ἅ
420 550 654 612 ampliores
688 549 855 596 areolas
889 548 1259 598 efformantibus:
1303 547 1370 596 his
1402 563 1470 595 re-

51 618 271 680 spondent
295 617 406 663 rami
427 615 624 677 primarii
649 613 914 675 superioris,
948 613 1023 676 qui
1044 613 1203 660 deinde
1227 630 1308 676 per
1336 613 1471 660 inter-

54 683 168 729 stitia
194 682 438 728 areolarum
468 680 512 725 in
534 692 628 725 rete
651 679 925 725 vasculosum
953 678 1241 725 tenerrimum
1270 679 1473 726 innume-

52 748 109 794 ris
143 744 484 793 anastomolibus
507 744 622 789 inter
647 743 689 788 se
723 743 1057 790 communicans
1085 744 1355 790 dividuntur.
1420 744 1474 790 In

54 811 169 858 foliis
193 808 335 855 craffis
356 807 405 854 ἃ
427 808 635 853 teretibus
657 807 868 868 Opuntiae
894 808 970 854 seu
996 809 1124 855 Ficus
1148 809 1313 855 Indicae
1343 824 1382 869 3,
1403 807 1476 855 vel

55 893 99 935 4.
135 872 333 922 distintshi
358 872 469 918 retia.
502 871 579 918 sibi
607 871 848 918 secundum
875 871 1196 934 longitudinem
1217 875 1476 921 incumben-

56 941 117 986 tia
147 941 238 1001 jam
270 938 376 984 olim
402 935 634 983 adnotavit
664 936 754 982 Cel.
788 938 1146 984 RUYSCHIUS
1181 938 1296 1001 (0);
1328 939 1375 985 in
1411 938 1477 985 so-

55 1005 121 1050 liis
150 1002 286 1065 planis
316 1017 455 1058 vero,
489 1000 607 1063 quod
631 1000 788 1057 sciam,
813 1000 1027 1047 hattenus
1047 1016 1195 1048 nemo.
1229 1005 1351 1049 Dum
1383 1002 1480 1048 haec

57 1068 225 1124 scribo,
261 1065 618 1113 observationem
650 1080 753 1111 cum
786 1066 950 1112 Excell.
981 1063 1029 1111 ἅ
1051 1066 1330 1112 Amiciflimo
1362 1067 1480 1113 Viro

57 1135 117 1180 D.
152 1133 284 1178 ALss.
318 1130 624 1177 HALLERO
657 1129 895 1176 Archiatro
937 1130 1086 1192 Regio
1123 1131 1257 1178 Anat.
1291 1130 1342 1178 ἅ
1379 1132 1481 1176 Bor.

58 1198 105 1245 iu
141 1197 282 1244 Acad.
309 1193 592 1256 Gottingensi
626 1194 871 1241 Proseffore
902 1195 1200 1241 Celeberrimo
1234 1195 1482 1243 communi·

62 1279 166 1309 cans
191 1262 236 1307 in
256 1259 472 1320 responsis
496 1258 669 1319 accipio
705 1259 793 1305 Cel.
817 1260 876 1305 D.
906 1259 1360 1307 HOLMANNUM
1384 1260 1485 1306 Phi-

64 1325 276 1388 losopliiae
308 1323 423 1385 apud
459 1322 774 1385 Gottingenses
806 1322 927 1370 Prof.
968 1325 1344 1383 Celeberrimum,
1378 1341 1484 1387 quo-

64 1407 149 1453 que
175 1389 307 1436 Retia
330 1388 426 1434 hacc
446 1388 635 1449 duplicia
660 1387 757 1433 satis
783 1388 919 1435 nitida
940 1404 1107 1449 parare.

135 1454 321 1500 'Ii-acheae
353 1453 397 1498 in
431 1452 544 1498 foliis
585 1452 831 1513 plantarum
867 1452 1023 1500 eadem
1056 1454 1227 1503 ratione
1270 1467 1398 1517 atque
1440 1454 1487 1501 in

67 1520 190 1567 caule
217 1517 264 1564 ἃ
285 1517 500 1563 radicibus
525 1532 606 1579 per
631 1530 915 1578 erumpentes
941 1518 986 1564 in
1010 1533 1156 1566 vacuo
1178 1535 1233 1567 ex
1254 1518 1488 1581 superficie

68 1585 275 1631 foliorum
316 1583 359 1628 in
400 1598 509 1643 aqua
548 1581 870 1628 submersorum
915 1583 1047 1630 bullas
1094 1583 1488 1640 demonstrantur3

69 1648 186 1710 quod
206 1647 250 1774 i?
275 1645 474 1693 Brafficae
492 1646 605 1693 foliis
623 1646 717 1707 jam
733 1647 907 1707 pridem
923 1647 1123 1695 exhibuit
1143 1649 1489 1697 CLNIEUEN·

554 1824 700 1914 τηεψ
776 1841 1011 1896 XVIII.

137 1972 206 2018 Ex
218 1986 302 2033 qua
312 1968 539 2017 Foliorum
556 1970 602 2017 in
622 1971 781 2032 plantis
796 1971 961 2018 fabrica
977 1970 1161 2019 infertur
1173 2007 1189 2029 ‚
1202 1971 1380 2020 succum
1395 1987 1493 2034 par·

74 2037 155 2084 tim
187 2051 245 2082 ex
281 2035 414 2081 Caule
438 2051 518 2096 per
545 2036 760 2097 petiolum
788 2037 841 2084 ad
871 2037 1043 2085 Folium
1077 2037 1298 2095 delatum,
1333 2037 1495 2099 partim

75 2117 155 2164 per
181 2098 462 2162 superficiem
494 2113 724 2147 externam
757 2117 859 2148 cum
885 2105 986 2147 a'ore
1016 2101 1268 2163 absorptum
1303 2102 1348 2148 in
1382 2101 1498 2148 foliis

77 2181 156 2227 per
178 2165 280 2212 vasa
303 2163 481 2211 succosa
503 2178 673 2211 motum
702 2166 755 2212 ad
777 2166 985 2213 utriculos
1006 2166 1282 2213 distributum
1297 2200 1313 2223 ,
1331 2166 1498 2214 ibidem

79 2229 355 2291 stagnatione
374 2265 385 2286 ‚
421 2229 720 2290 permixtione
744 2267 756 2288 ‚
789 2230 1070 2277 exhalatione
1095 2268 1107 2288 ,
1144 2230 1385 2293 agitatione
1418 2248 1498 2278 va-

79 2294 143 2340 ria
167 2327 183 2351 ,
217 2309 297 2355 per
334 2293 525 2340 calorem
555 2293 604 2340 &
636 2295 901 2356 pressionem
932 2295 1042 2342 aeris
1074 2295 1118 2341 in
1153 2295 1342 2344 tracheis
1376 2295 1500 2344 varie

80 2358 268 2416 mutari,
302 2356 351 2404 ἃ
385 2358 624 2421 praeparari
647 2359 693 2408 in
716 2361 881 2410 Plantae
902 2373 1117 2409 naturam.

1442 2455 1502 2505 Et

129 2587 190 2627 (οἵ
222 2585 313 2623 Adv.
337 2598 494 2624 anatom.
522 2590 610 2627 Dec.
638 2591 707 2628 111.
734 2589 756 2627 1.
784 2602 815 2628 c,

129 2639 190 2687 (p)
220 2636 243 2674 1.
271 2650 301 2676 c.
330 2651 365 2689 p.
393 2649 477 2688 371.
