1839 3101
181 182 1305 273 ‘FRUCTIFICATIQ
1416 188 1482 262 91

54 317 155 364 litus
188 316 337 379 potius
369 328 444 363 aut
475 314 647 377 spiritus
672 312 889 370 volatilis,
922 311 996 375 qui
1026 310 1210 374 pulvere
1235 313 1323 360 hoc
1346 314 1390 361 se
1409 331 1486 363 ex-

57 381 180 444 pedit
195 415 211 439 ,
227 397 316 428 ova
331 380 422 441 ipsa
443 380 665 427 foecundat
685 378 924 445 secundum
944 377 1006 422 Cl.
1022 377 1313 424 VAILLAN
1317 380 1361 425 T
1375 381 1397 425 ἰ)
1413 379 1486 443 (cl)

57 448 172 493 Sane
205 445 403 506 autopfia
428 460 677 506 repugnare
699 443 901 499 videtur,
933 456 1036 488 cum
1056 440 1100 487 in
1116 441 1329 505 plerisque
1350 442 1486 505 pluri-

58 526 182 557 mum
210 510 254 557 in
277 509 419 571 ipsum
439 508 647 570 pistillum
671 507 844 571 ingredi
875 505 1211 567 conspiciamus,
1275 508 1349 555 An
1375 508 1488 554 vero

57 575 126 621 vis
152 574 374 621 attrahens
393 574 637 635 Sulphurea
660 572 793 634 partis
818 571 1035 634 geniturae
1053 570 1293 619 seufarinae
1318 572 1488 619 foecun-

59 639 200 686 dantis
215 638 464 685 rudimenta
482 638 641 698 plantae
664 638 708 683 in
731 637 896 683 semine
907 636 1001 697 jam
1024 635 1263 683 constituta
1283 637 1327 683 in
1352 635 1487 684 actio-

59 719 164 750 nem
187 702 366 749 deducit
397 701 636 748 secundum
660 700 977 764 diligentissimi
1009 698 1076 764 (e)
1097 702 1345 749 HALESH
1381 717 1488 748 con-

53 767 245 832 Jecfturas
262 767 284 812 ²?

119 832 187 878 Ex
210 842 379 890 tempore
411 844 586 891 quoque
619 829 934 891 Vegetationis
964 829 1120 877 harum
1156 830 1349 892 partium
1379 846 1487 878 con-

58 897 236 943 cludere
272 895 423 940 datum
455 892 552 940 est:
586 895 771 954 Namque
804 893 848 940 in
891 895 1103 941 Antheris
1119 929 1136 952 ‚
1169 895 1353 942 stamina
1387 895 1489 942 fari·

59 976 162 1008 nam
193 959 523 1006 foecundantem
545 973 600 1003 eo
637 970 841 1019 tempore
867 958 1125 1016 continent,
1160 976 1248 1021 quo
1283 960 1492 1021 pistillum

59 1025 208 1087 viget,
241 1022 399 1071 deinde
420 1021 599 1067 excusso
628 1021 1022 1083 pulvere‘perafta
1056 1024 1388 1071 foecundatione
1411 1041 1489 1084 pe-

57 1089 115 1136 rit
143 1087 333 1145 stamen,
369 1087 522 1133 succus
547 1085 771 1147 copiosior
791 1086 836 1133 in
857 1086 1066 1149 pistillum
1090 1088 1324 1135 devolutus
1353 1088 1491 1136 efficit

57 1166 106 1200 ut
129 1152 174 1199 iu
199 1152 390 1199 fructum
416 1151 692 1197 maturescat.

120 1217 188 1263 Ex
219 1216 402 1279 absentia
429 1215 591 1276 farina?
622 1215 908 1276 foeczmdamf's
940 1214 1056 1260 idem
1096 1215 1404 1275 manifestum,
1439 1229 1491 1265 ut

55 1283 148 1345 jam
188 1281 382 1343 superius
430 1280 651 1328 ostensum
692 1278 756 1325 cst
778 1314 793 1336 ‚
841 1279 978 1325 Thes.
1017 1281 1100 1326 VI.
1148 1279 1197 1327 δέ
1235 1282 1372 1328 multa
1409 1283 1492 1329 alia

59 1346 264 1407 exempla
310 1345 490 1392 docent.
568 1344 808 1405 Decerptis
852 1343 972 1389 enim
1012 1342 1203 1391 flosculis
1244 1347 1491 1393 masculinis

58 1410 226 1457 fructus
262 1426 351 1457 ova
384 1410 561 1472 pariunt
596 1408 896 1455 subventanea
923 1425 935 1461 ς
968 1410 1267 1457 Memorabile
1298 1411 1342 1457 in
1375 1410 1489 1459 hanc

57 1491 153 1522 rem
190 1474 367 1521 adducit
406 1473 661 1536 exemplum
695 1473 758 1519 Cl.
795 1473 1114 1519 LINNAEUS.
1154 1473 1240 1538 (f)
1279 1477 1490 1524 Hortula-

57 1555 139 1589 nus
171 1539 215 1586 in
249 1538 408 1585 Suecia
439 1539 618 1585 unicum
654 1552 784 1598 1727.
822 1538 845 1584 ὸ
881 1537 1046 1584 semine
1079 1539 1172 1584 sato
1199 1540 1393 1587 obtinuit
1413 1558 1490 1604 pe-

56 1620 252 1666 ponem3
287 1603 429 1650 crevit
458 1601 717 1650 fertilissimo
751 1602 796 1649 in
833 1602 964 1659 solo;
998 1601 1150 1649 floruit
1181 1605 1407 1666 quotidie3
1441 1606 1488 1653 il-

57 1669 98 1715 le
130 1670 254 1716 omni
285 1669 356 1714 die
386 1667 578 1715 studiose
614 1667 835 1728 excerpsit
871 1666 1006 1713 fiores
1041 1668 1302 1716 masculinos
1331 1704 1345 1725 ,
1378 1687 1488 1732 quos

56 1733 224 1795 spurios
243 1732 416 1780 dicebat
433 1770 444 1790 ‚
474 1732 636 1794 eosque
657 1732 900 1789 evellebat,
936 1747 992 1778 ne
1017 1733 1284 1780 nutrititium
1306 1735 1487 1782 succum

55 1797 80 1845 a
113 1798 229 1845 veris
260 1796 499 1844 foernininis
533 1797 587 1843 ad
630 1796 673 1842 se
707 1796 947 1843 traherent.
1017 1797 1227 1845 Floruere
1257 1798 1308 1846 δε
1344 1800 1486 1848 foemi-

53 1862 148 1909 nini
178 1862 309 1910 fiores
336 1899 348 1920 ‚
391 1861 640 1908 defloruere
663 1896 679 1918 ‚
713 1860 875 1907 florem
907 1862 1104 1924 rejecere
1126 1900 1137 1920 ,
1171 1863 1365 1910 frufftum
1405 1882 1487 1928 per

54 1926 160 1974 06ὶο
195 1928 286 1974 dies
319 1926 540 1974 retinuere
565 1961 581 1984 ‚
633 1939 727 1973 tum
769 1927 987 1973 abortiere
1019 1943 1191 1975 Omnes.
1255 1929 1488 1978 prohibuit

52 1993 170 2039 enim
204 1991 396 2054 privatio
425 1991 588 2037 florum
612 1990 950 2037 masculinorum
975 1991 1350 2040 foecundationem
1366 2029 1382 2052 ‚
1403 2011 1484 2042 un-

52 2057 107 2104 de
141 2057 280 2104 nullus
311 2055 389 2118 ipsi
417 2055 599 2102 fructu&
669 2055 739 2100 Fit
761 2055 893 2114 inde,
926 2069 974 2102 ut
994 2057 1088 2104 dam
1111 2060 1254 2119 pluvia
1283 2062 1379 2106 emt
1400 2063 1485 2120 pul-

53 2138 184 2169 verem
202 2121 456 2185 staminum,
491 2119 692 2183 germina
711 2119 856 2179 pistilli
888 2122 1122 2179 decidant,
1152 2125 1293 2171 autin
1316 2125 1485 2173 fructus

52 2186 282 2234 nascantur
309 2185 561 2242 abortivos,
584 2199 631 2231 ut
657 2185 818 2232 stillent
847 2187 987 2243 vites,
1012 2202 1365 2250 percoquuntur,
1392 2207 1484 2238 ma-

51 2251 195 2299 rasmo
218 2250 499 2307 exarescant,
537 2250 686 2296 locum
712 2251 963 2298 concedant
987 2252 1257 2299 insectorum
1290 2254 1403 2301 nidis
1433 2254 1485 2303 δε

50 2331 207 2363 eorum
240 2314 514 2372 evolutioni,
547 2326 597 2360 ut
630 2315 778 2378 fruges
811 2316 1041 2376 ustilagine
1070 2331 1276 2379 pereant:
1312 2318 1361 2365 ἃ
1385 2336 1484 2381 quae

51 2380 150 2428 sunt
190 2380 272 2428 alia
315 2379 437 2427 vitia.
503 2379 664 2427 Sedulo
708 2381 857 2443 itaque
899 2382 1076 2430 Natura
1111 2382 1269 2446 ubique
1301 2383 1485 2432 sollicita

1402 2449 1486 2498 fuit

99 2535 168 2583 (d)
196 2536 221 2573 1.
249 2549 280 2572 c.
308 2551 342 2586 p.
373 2543 429 2576 16.

95 2593 160 2628 (e)
192 2587 381 2644 Vegetable
404 2585 546 2625 Statick.
572 2589 652 2626 Vol.
685 2590 716 2626 Ι.
744 2591 859 2628 Laud,
893 2603 998 2639 1731.
1024 2595 1060 2630 8.
1089 2605 1124 2644 p.
1153 2604 1239 2642 357.

97 2636 154 2688 (ft
182 2639 308 2677 Cnuc.
335 2642 461 2677 Botan.
486 2640 529 2676 L.
557 2641 597 2678 B.
626 2652 732 2690 ¹737·
762 2647 796 2688 ς’.
825 2647 908 2690 308.
